@inproceedings{zahra,
  author={Zahra Zohrevand and Uwe Gl{\"a}sser and Hamed Yaghoubi Shahir and Mohammad A. Tayebi and Robert Costanzo},
  booktitle={Big Data},
  title={Hidden Markov Based Anomaly Detection for Water Supply Systems},
  location={Washington, D.C., USA},
  pages={1551-1560},
  year=2016
}

@misc{dataset,
  author = "M. Lichman",
  year = "2013",
  title = "{UCI} Machine Learning Repository",
  url = "http://archive.ics.uci.edu/ml",
  institution = "University of California, Irvine, School of Information and Computer Sciences" 
}

@misc{ukraine, 
  author="Industrial Control Systems cyber Emergency Response Team",
  year="2016",
  title="Cyber-Attack Against Ukrainian Critical Infrastructure",
  howpublished="\url{https://ics-cert.us-cert.gov/alerts/IR-ALERT-H-16-056-01}",
  note="Accessed: 2017-07-30"
}

@article{missing,
  author={Hyun Kang},
  year="2013",
  title={The Prevention and Handling of the Missing Data},
  journal={Korean Journal of Anesthesiology},
  volume={64},
  issue={5},
  pages={402-406},
  doi={10.4097/kjae.2013.64.5.402},
  url={https://www.ncbi.nlm.nih.gov/pmc/articles/PMC3668100/}
}

@book{datascience,
  author={Hadley Wickham and Garrett Grolemund},
  year={2017},
  title={R for Data Science},
  publisher="O'Reilly",
}

@misc{r,
  author={The R Foundation},
  url={https://www.r-project.org},
  title="The R Project",
  note="Accessed 2017-07-30"
}

@incollection{Rabiner,
 author = {Rabiner, Lawrence R.},
 chapter = {A Tutorial on Hidden Markov Models and Selected Applications in Speech Recognition},
 title = {Readings in Speech Recognition},
 editor = {Waibel, Alex and Lee, Kai-Fu},
 year = {1990},
 isbn = {1-55860-124-4},
 pages = {267--296},
 numpages = {30},
 url = {http://dl.acm.org/citation.cfm?id=108235.108253},
 acmid = {108253},
 publisher = {Morgan Kaufmann Publishers Inc.},
 address = {San Francisco, CA, USA},
 booktitle={}
} 


@misc{markov,
    author = "joxemai4",
    title = "The Markov Process",
    year = "2010",
    howpublished="\url{https://upload.wikimedia.org/wikipedia/commons/2/2b/Markovkate\_01.svg}",
    note = "[accessed 30-July-2017]"
}

@article{chandola,
  author={Varun Chandola and Arindam Banerjee and Vipin Kumar},
  title={Anomaly Detection: A Survey},
  year={2009},
  volume={41},
  issue={3},
  article={15},
  journal={ACM Computing Surveys},
  numpages={58},
  doi={10.1145/1541880.1541882},
  url={http://doi.acm.org/10.1145/1541880.1541882}
}

@misc{log,
  title={Likelihood & LogLikelihood},
  year={2017},
  howpublished="\url{https://onlinecourses.science.psu.edu/stat504/node/27}",
  note="Accessed 2017-07-30"
}
